<?xml version="1.0" encoding="UTF-8"?><record xmlns="http://www.loc.gov/MARC21/slim" xmlns:cinclude="http://apache.org/cocoon/include/1.0" xmlns:zs="http://www.loc.gov/zing/srw/">
  <leader>00641cz  a2200157n  4500</leader>
  <controlfield tag="001">n  89627819 </controlfield>
  <controlfield tag="003">DLC</controlfield>
  <controlfield tag="005">20000630095638.0</controlfield>
  <controlfield tag="008">890505n| acannaab           |a aaa      </controlfield>
  <datafield tag="010" ind1=" " ind2=" ">
    <subfield code="a">n  89627819 </subfield>
  </datafield>
  <datafield tag="040" ind1=" " ind2=" ">
    <subfield code="a">DLC</subfield>
    <subfield code="c">DLC</subfield>
    <subfield code="d">DLC</subfield>
  </datafield>
  <datafield tag="100" ind1="1" ind2="0">
    <subfield code="a">Frey, Richard Scott</subfield>
  </datafield>
  <datafield tag="400" ind1="1" ind2=" ">
    <subfield code="a">Frey, R. Scott</subfield>
    <subfield code="q">(Richard Scott)</subfield>
  </datafield>
  <datafield tag="670" ind1=" " ind2=" ">
    <subfield code="a">nuc89-49968: His The structural context of city adoption ... [MI] 1980</subfield>
    <subfield code="b">(hdg. on NcGU rept.: Frey, Richard Scott; usage: Richard Scott Frey)</subfield>
  </datafield>
  <datafield tag="670" ind1=" " ind2=" ">
    <subfield code="a">The environment and society reader, 2000:</subfield>
    <subfield code="b">CIP t.p. (R. Scott Frey)</subfield>
  </datafield>
  <datafield tag="670" ind1=" " ind2=" ">
    <subfield code="a">Phone call to pub., June 30, 2000</subfield>
    <subfield code="b">(R. Scott Frey is the same person as Richard Scott Frey)</subfield>
  </datafield>
</record>